@article{lecun2010mnist,
  title={MNIST handwritten digit database},
  author={LeCun, Yann and Cortes, Corinna and Burges, CJ},
  journal={ATT Labs [Online]. Available: http://yann.lecun.com/exdb/mnist},
  volume={2},
  year={2010}
}
@article{Xiao2017FashionMNISTAN,
  title={Fashion-MNIST: a Novel Image Dataset for Benchmarking Machine Learning Algorithms},
  author={Han Xiao and Kashif Rasul and Roland Vollgraf},
  journal={ArXiv},
  year={2017},
  volume={abs/1708.07747}
}
@ARTICLE{DengLi,
  author={Deng, Li},
  journal={IEEE Signal Processing Magazine}, 
  title={The MNIST Database of Handwritten Digit Images for Machine Learning Research [Best of the Web]}, 
  year={2012},
  volume={29},
  number={6},
  pages={141-142},
  doi={10.1109/MSP.2012.2211477}
}
@INPROCEEDINGS{Mohapatra,
  author={Mohapatra, Ramesh Kumar and Majhi, Banshidhar and Jena, Sanjay Kumar},
  booktitle={2015 International Conference on Computing, Communication and Security (ICCCS)}, 
  title={Classification performance analysis of MNIST Dataset utilizing a Multi-resolution Technique}, 
  year={2015},
  pages={1-5},
  doi={10.1109/CCCS.2015.7374136}
}
@article{Olivia,
  title={Image Classification Using Multiple Convolutional Neural Networks on the Fashion-MNIST Dataset},
  author={Olivia Nocentini and Jaeseok Kim and Muhammad Zain Bashir and Filippo Cavallo},
  journal={Sensors (Basel, Switzerland)},
  year={2022},
  volume={22}
}

